<?xml version="1.0" encoding="UTF-8"?><collection xmlns="http://www.loc.gov/MARC21/slim"><record><leader>00422nam--2200133-i-4500</leader><controlfield tag="001">000038047</controlfield><controlfield tag="002">20161230</controlfield><controlfield tag="005">20161230201041</controlfield><controlfield tag="008">060222s1000------------r-----000-0-eng-d</controlfield><datafield ind1=" " ind2=" " tag="245"><subfield code="a">Reaction mechanisms in organic chemistry. vol.9:carbonions:mechanistic and isotopic aspcts. e.buncel</subfield></datafield><datafield ind1=" " ind2=" " tag="260"><subfield code="a">Amsterdam, Elsevier Publishing Co.,1975</subfield></datafield><datafield ind1=" " ind2=" " tag="490"><subfield code="a">A Series Of Monographs</subfield></datafield><datafield ind1=" " ind2=" " tag="700"><subfield code="a">C.Eaborn And N.Chapman</subfield></datafield><datafield ind1=" " ind2=" " tag="852"><subfield code="a">13870</subfield></datafield></record></collection>